/Users/rikutakei/Documents/zotero_library/all_refs.bib